@phdthesis{carrion,
	author    = {Ronaldo Carrion}, 
	title     = {Uma Implementação do Método dos Elementos de Contorno
				 para Problemas Viscoelastodinâmicos Estacionários
				 Tridimensionais de Domínios Abertos e Fechados},
	school    = {Universidade Estadual de Campinas},
	year      = {2002}
}
