@misc{binutils,
  title = {GNU Binutils},
  howpublished = {\url{https://www.gnu.org/software/binutils/}},
  note = {Accessed: 2017-05-08}
}

@book{pacheco:2011,
  title={An introduction to parallel programming},
  author={Pacheco, Peter},
  year={2011},
  publisher={Elsevier}
}

@phdthesis{carrion:02,
	author = {Ronaldo Carrion},
	title  = {Uma Implementação do Método dos Elementos de Contorno para problemas Viscoelastodinâmicos Estacionários Tridimensionais em Domínios Abertos e Fechados},
	school = {Universidade Estadual de Campinas},
	year   = 2002
}

@Book{knuth:84,
  author = 	 {Donald E. Knuth},
  title = 	 {The {\TeX} Book},
  publisher = 	 {Addison-Wesley},
  year = 	 {1984},
  edition = 	 {15th}
}

@InCollection{boulic:91,
  author = 	 {R. Boulic and O. Renault},
  title = 	 {3D Hierarchies for Animation},
  booktitle = 	 {New Trends in Animation and Visualization},
  publisher =    {John Wiley {\&} Sons ltd.},
  year = 	 {1991},
  editor = 	 {Nadia Magnenat-Thalmann and Daniel Thalmann}
}

@InCollection{smith:99,
  author = 	 {A. Smith and B. Jones},
  title = 	 {On the Complexity of Computing},
  booktitle = 	 {Advances in Computer Science},
  pages = 	 {555--566},
  publisher =    {Publishing Press},
  year = 	 {1999},
  editor = 	 {A. B. Smith-Jones}
}

@book{watkins:2004,
  title={Fundamentals of matrix computations},
  author={Watkins, David S},
  volume={64},
  year={2004},
  publisher={John Wiley \& Sons}
}
@article{patterson:2007,
  title={Computer organization and design},
  author={Patterson, David A and Hennessy, John L},
  journal={Morgan Kaufmann},
  year={2007}
}

